@book{Adorno1950,
address = {New York},
author = {Adorno, T. and Frenkel-Brunswick, E. and Levinson, D. and Sanford, R.},
publisher = {Harper},
title = {The Authoritarian Personality},
year = {1950}
}

@book{Altemeyer1981,
author = {Altemeyer, Bob},
isbn = {0887551246},
publisher = {University of Manitoba Press},
title = {Right-Wing Authoritarianism},
year = {1981}
}

@article{Asbrock2010,
author = {Asbrock, Frank and Sibley, Chris G. and Duckitt, John},
title = {Right-wing authoritarianism and social dominance orientation and the dimensions of generalized prejudice: A longitudinal test},
journal = {European Journal of Personality},
volume = {24},
number = {4},
pages = {324-340},
keywords = {Dual Process Model, Right-Wing Authoritarianism, Social Dominance Orientation, generalized prejudice, longitudinal},
doi = {10.1002/per.746},
url = {https://onlinelibrary.wiley.com/doi/abs/10.1002/per.746},
eprint = {https://onlinelibrary.wiley.com/doi/pdf/10.1002/per.746},
year = {2010}
}

@article{Brandt2014,
author = {Mark J. Brandt and Christine Reyna and John R. Chambers and Jarret T. Crawford and Geoffrey Wetherell},
title ={The Ideological-Conflict Hypothesis: Intolerance Among Both Liberals and Conservatives},
journal = {Current Directions in Psychological Science},
volume = {23},
number = {1},
pages = {27-34},
year = {2014},
doi = {10.1177/0963721413510932},
URL = {https://doi.org/10.1177/0963721413510932},
eprint = {https://doi.org/10.1177/0963721413510932}
}

@article{Burdein2006,
author = {Burdein, Inna and Lodge, Milton and Taber, Charles},
title = {Experiments on the Automaticity of Political Beliefs and Attitudes},
journal = {Political Psychology},
volume = {27},
number = {3},
pages = {359-371},
doi = {10.1111/j.1467-9221.2006.00504.x},
url = {https://onlinelibrary.wiley.com/doi/abs/10.1111/j.1467-9221.2006.00504.x},
eprint = {https://onlinelibrary.wiley.com/doi/pdf/10.1111/j.1467-9221.2006.00504.x},
year = {2006}
}

@book{Campbell1960,
address = {Chicago},
author = {Campbell, A. and Converse, P. E. and Miller, W. E. and Stokes, D. E.},
publisher = {Wiley},
title = {The {A}merican Voter},
year = {1960}
}

@article{Carlsson2014,
title = {Social preferences are stable over long periods of time},
journal = {Journal of Public Economics},
volume = {117},
pages = {104-114},
year = {2014},
issn = {0047-2727},
doi = {https://doi.org/10.1016/j.jpubeco.2014.05.009},
url = {http://www.sciencedirect.com/science/article/pii/S004727271400139X},
author = {Fredrik Carlsson and Olof Johansson-Stenman and Pham Khanh Nam},
keywords = {Natural field experiment, Preference stability, Social preferences, Voluntary contributions}
}

@book{Carothers2019,
address = {Washington D.C.},
author = {Carothers, Thomas and O'Donohue, Andrew},
publisher = {Brookings Institution Press},
title = {Democracies Divided: The Global Challenge of Political Polarization},
year = {2019}
}

@book{Chaudhuri2009,
title={Experiments in economics: playing fair with money},
author={Chaudhuri, Ananish},
year={2009},
address={London and New York},
publisher={Routledge}
}

@article{Chen2007,
author = {Fang Fang Chen},
title = {Sensitivity of Goodness of Fit Indexes to Lack of Measurement Invariance},
journal = {Structural Equation Modeling: A Multidisciplinary Journal},
volume = {14},
number = {3},
pages = {464-504},
year  = {2007},
publisher = {Routledge},
doi = {10.1080/10705510701301834},
URL = {https://doi.org/10.1080/10705510701301834},
eprint = {https://doi.org/10.1080/10705510701301834}
}

@article{Chen2016,
author = {Chen, Daniel L. and Schonger, Martin and Wickens, Chris},
doi = {10.1016/j.jbef.2015.12.001},
isbn = {2214-6350},
issn = {22146369},
journal = {Journal of Behavioral and Experimental Finance},
keywords = {Classroom experiments,Experimental economics,Field experiments,Laboratory experiments,Online experiments,Software},
mendeley-groups = {Other},
pages = {88--97},
title = {{oTree}-An open-source platform for laboratory, online, and field experiments},
volume = {9},
year = {2016}
}

@article{Chierchia2017,
title = {Caring cooperators and powerful punishers: Differential effects of induced care and power motivation on different types of economic decision making},
author = {Chierchia, Gabriele and Lesemann, FH Parianen and Snower, Dennis and Vogel, Mandy and Singer, Tania},
journal = {Scientific Reports},
volume = {7},
number = {1},
pages = {11068},
year = {2017},
publisher = {Nature Publishing Group UK London}
}

@article{Chirumbolo2016,
title = {The interpersonal roots of politics: Social value orientation, socio-political attitudes and prejudice},
author = {Chirumbolo, Antonio and Leone, Luigi and Desimoni, Marta},
journal = {Personality and Individual Differences},
volume = {91},
pages = {144--153},
year = {2016},
publisher = {Elsevier}
}

@article{Ciuk2018,
author = {Ciuk, David J.},
doi = {10.1177/2053168018781748},
isbn = {2053168018781},
issn = {20531680},
journal = {Research and Politics},
keywords = {Ideology,Moral foundations,Partisanship,Source cues},
number = {2},
title = {Assessing the contextual stability of moral foundations: Evidence from a survey experiment},
volume = {5},
year = {2018}
}

@article{Claessens2020,
author = {Claessens, Scott and Fischer, Kyle and Chaudhuri, Ananish and Sibley, Chris G and Atkinson, Quentin D},
doi = {10.1038/s41562-020-0850-9},
issn = {2397-3374},
journal = {Nature Human Behaviour},
pages = {336--345},
publisher = {Springer US},
title = {The dual evolutionary foundations of political ideology},
url = {http://dx.doi.org/10.1038/s41562-020-0850-9},
volume = {4},
year = {2020}
}

@article{Claessens2022,
title = {Cooperative phenotype predicts climate change belief and pro-environmental behaviour},
author = {Claessens, Scott and Kelly, Daniel and Sibley, Chris G and Chaudhuri, Ananish and Atkinson, Quentin D},
journal = {Scientific Reports},
volume = {12},
number = {1},
pages = {12730},
year = {2022},
publisher = {Nature Publishing Group UK London}
}

@article{Claessens2023,
title = {Cooperative and conformist behavioural preferences predict the dual dimensions of political ideology},
author = {Claessens, Scott and Sibley, Chris G and Chaudhuri, Ananish and Atkinson, Quentin D},
journal = {Scientific Reports},
volume = {13},
number = {1},
pages = {4886},
year = {2023},
publisher = {Nature Publishing Group UK London}
}

@article{Dang2020,
title = "Why Are Self-Report and Behavioral Measures Weakly Correlated?",
journal = "Trends in Cognitive Sciences",
volume = "24",
number = "4",
pages = "267 - 269",
year = "2020",
issn = "1364-6613",
doi = "https://doi.org/10.1016/j.tics.2020.01.007",
url = "http://www.sciencedirect.com/science/article/pii/S1364661320300255",
author = "Junhua Dang and Kevin M. King and Michael Inzlicht",
keywords = "jingle-jangle fallacy, reliability paradox, between-person variability"
}

@article{Desimoni2014,
title = {Openness to Experience, Honestyâ€“Humility and ideological attitudes: A fine-grained analysis},
journal = {Personality and Individual Differences},
volume = {59},
pages = {116-119},
year = {2014},
issn = {0191-8869},
doi = {10.1016/j.paid.2013.10.031},
url = {https://www.sciencedirect.com/science/article/pii/S0191886913013445},
author = {Marta Desimoni and Luigi Leone}
}

@article{Duckitt2009,
author = {Duckitt, John and Sibley, Chris G.},
doi = {10.1080/10478400903028540},
isbn = {1047840090302},
issn = {1047840X},
journal = {Psychological Inquiry},
keywords = {Ideology,Politics,Prejudice,Right-wing authoritarianism,Social dominance orientation},
number = {2-3},
pages = {98--109},
pmid = {21039534},
title = {A dual-process motivational model of ideology, politics, and prejudice},
volume = {20},
year = {2009}
}

@article{Feldman2014,
author = {Feldman, Stanley and Johnston, Christopher},
doi = {10.1111/pops.12055},
isbn = {1467-9221},
issn = {14679221},
journal = {Political Psychology},
keywords = {Ideology,Motivation,Personality,Political attitudes},
number = {3},
pages = {337--358},
pmid = {31286941},
title = {Understanding the determinants of political ideology: implications of structural complexity},
volume = {35},
year = {2014}
}

@incollection{Fischer2021,
title = {Experiments in political psychology},
author = {Fischer, Kyle and Atkinson, Quentin D and Chaudhuri, Ananish},
year = {2021},
editor = {Ananish Chaudhuri},
booktitle = {A Research Agenda for Experimental Economics},
address = {Cheltenham},
publisher = {Edward Elgar}
}

@article{Gawronski2015,
author = {Gawronski, Bertram and Galdi, Silvia and Arcuri, Luciano},
title = {What Can Political Psychology Learn from Implicit Measures? Empirical Evidence and New Directions},
journal = {Political Psychology},
volume = {36},
number = {1},
pages = {1-17},
doi = {10.1111/pops.12094},
url = {https://onlinelibrary.wiley.com/doi/abs/10.1111/pops.12094},
eprint = {https://onlinelibrary.wiley.com/doi/pdf/10.1111/pops.12094},
year = {2015}
}

@article{Grunhage2020,
author = {Gr{\"{u}}nhage, Thomas and Reuter, Martin},
doi = {10.1007/s11109-020-09606-5},
isbn = {0123456789},
issn = {15736687},
journal = {Political Behavior},
keywords = {Behavioral economics,Ideology,Public-goods-game,RWA,SDO,Trust-game},
number = {0123456789},
publisher = {Springer US},
title = {Political Orientation is Associated with Behavior in Public-Goods- and Trust-Games},
url = {https://doi.org/10.1007/s11109-020-09606-5},
year = {2020}
}

@article{Haesevoets2015,
author = {Haesevoets, Tessa and {Reinders Folmer}, Chris and {Van Hiel}, Alain},
doi = {10.1002/per.1992},
issn = {10990984},
journal = {European Journal of Personality},
keywords = {Cooperation,Mixed-motive games,Right-wing authoritarianism,Social dominance orientation,Social value orientation},
number = {4},
pages = {445--458},
title = {Cooperation in mixed-motive games: the role of individual differences in selfish and social orientation},
volume = {29},
year = {2015}
}

@article{Haesevoets2018,
author = {Haesevoets, Tessa and {Reinders Folmer}, Chris and Bostyn, Dries H. and {Van Hiel}, Alain},
doi = {10.1002/per.2158},
issn = {10990984},
journal = {European Journal of Personality},
keywords = {Prisoner's Dilemma Game,game variations,personality,person-situation debate,within-game consistency},
number = {4},
pages = {405--426},
title = {Behavioural Consistency Within the Prisoner's Dilemma Game: The Role of Personality and Situation},
volume = {32},
year = {2018}
}

@article{Halali2018,
author = {Halali, Eliran and Dorfman, Anna and Jun, Sora and Halevy, Nir},
doi = {10.1177/1948550617732819},
issn = {19485514},
journal = {Social Psychological and Personality Science},
keywords = {cooperation,hierarchy,intergroup relations,self-interest,social inequality},
number = {2},
pages = {254--262},
title = {More for us or more for me? Social dominance as parochial egoism},
volume = {9},
year = {2018}
}

@article{Hamaker2015,
title={A critique of the cross-lagged panel model},
author={Hamaker, Ellen L and Kuiper, Rebecca M and Grasman, Raoul P P P},
journal={Psychological methods},
volume={20},
number={1},
pages={102},
year={2015},
publisher={American Psychological Association}
}

@article{Hatemi2019,
author = {Hatemi, Peter K. and Crabtree, Charles and Smith, Kevin B.},
doi = {10.1111/ajps.12448},
issn = {0092-5853},
journal = {American Journal of Political Science},
title = {Ideology Justifies Morality: Political Beliefs Predict Moral Foundations},
url = {https://doi.org/10.7910/DVN/O6VHZZ.},
year = {2019}
}

@article{Hu1999,
author = {Hu, Li Tze and Bentler, Peter M.},
doi = {10.1080/10705519909540118},
isbn = {1070551115328},
issn = {10705511},
journal = {Structural Equation Modeling},
mendeley-groups = {Other},
number = {1},
pages = {1--55},
pmid = {3384345},
title = {Cutoff criteria for fit indexes in covariance structure analysis: Conventional criteria versus new alternatives},
volume = {6},
year = {1999}
}

@article{Inbar2012,
title = {Disgust sensitivity, political conservatism, and voting},
author = {Inbar, Yoel and Pizarro, David and Iyer, Ravi and Haidt, Jonathan},
journal = {Social Psychological and Personality Science},
volume = {3},
number = {5},
pages = {537--544},
year = {2012},
publisher = {Sage Publications Sage CA: Los Angeles, CA}
}

@article{Jost2003,
title = {Political Conservatism as Motivated Social Cognition},
author = {Jost, John T and Glaser, Jack and Kruglanski, Arie W and Sulloway, Frank J},
journal = {Psychological Bulletin},
volume = {129},
number = {3},
pages = {339--375},
year = {2003}
}

@article{Jost2009,
author = {Jost, John T and Federico, C. M. and Napier, J. L.},
title = {Political ideology: Its structure, functions, and elective affinities},
journal = {Annual Review of Psychology},
volume = {60},
number = {1},
pages = {307-337},
doi = {10.1146/annurev.psych.60.110707.163600},
year = {2009}
}

@article{Jost2018,
title = {Ideological asymmetries in conformity, desire for shared reality, and the spread of misinformation},
author = {Jost, John T and van der Linden, Sander and Panagopoulos, Costas and Hardin, Curtis D},
journal = {Current Opinion in Psychology},
volume = {23},
pages = {77--83},
year = {2018},
publisher = {Elsevier}
}

@article{Lonnqvist2015,
title = "Measuring individual risk attitudes in the lab: Task or ask? An empirical comparison",
journal = "Journal of Economic Behavior & Organization",
volume = "119",
pages = "254 - 266",
year = "2015",
issn = "0167-2681",
doi = "https://doi.org/10.1016/j.jebo.2015.08.003",
url = "http://www.sciencedirect.com/science/article/pii/S0167268115002115",
author = "Jan-Erik L{\"o}nnqvist and Markku Verkasalo and Gari Walkowitz and Philipp C. Wichardt",
keywords = "Risk attitudes, Trust, Personality, Lab experiments"
}

@article{MacCallum1996,
author = {MacCallum, R C and Browne, M W and Sugawara, H M},
doi = {10.1037/1082-989x.1.2.130},
isbn = {1082-989X},
issn = {1082989X (ISSN)},
journal = {Psychological Methods},
mendeley-groups = {Other},
number = {2},
pages = {130--149},
pmid = {19686998},
title = {Power analysis and determination of sample size for covariance structure modeling},
volume = {1},
year = {1996}
}

@article{Murphy2011,
title = {Measuring Social Value Orientation},
volume = {6},
doi = {10.1017/S1930297500004204},
number = {8},
journal = {Judgment and Decision Making},
publisher = {Cambridge University Press},
author = {Murphy, Ryan O. and Ackermann, Kurt A. and Handgraaf, Michel J. J.},
year = {2011},
pages = {771--781}
}

@article{Neal2018,
author = {Neal, Zachary P.},
doi = {10.1016/j.socnet.2018.07.007},
issn = {03788733},
journal = {Social Networks},
keywords = {Balance,Bipartite,Cosponsorship,Democracy,Partisanship,Polarization,Political,Politics,Projection,Twomode},
number = {xxxx},
pages = {1--10},
publisher = {Elsevier},
title = {A sign of the times? Weak and strong polarization in the U.S. Congress, 1973-2016},
url = {https://doi.org/10.1016/j.socnet.2018.07.007},
year = {2018}
}

@article{Orth2022,
title = {Effect size guidelines for cross-lagged effects},
author = {Orth, Ulrich and Meier, Laurenz L and B{\"u}hler, Janina Larissa and Dapp, Laura C and Krauss, Samantha and Messerli, Denise and Robins, Richard W},
journal = {Psychological Methods},
year = {2022},
publisher = {American Psychological Association},
doi = {10.1037/met0000499}
}

@article{Osborne2017,
author = {Danny Osborne and Petar Milojev and Chris G. Sibley},
title ={Authoritarianism and National Identity: Examining the Longitudinal Effects of SDO and RWA on Nationalism and Patriotism},
journal = {Personality and Social Psychology Bulletin},
volume = {43},
number = {8},
pages = {1086-1099},
year = {2017},
doi = {10.1177/0146167217704196},
note = {PMID: 28903711},
URL = {https://doi.org/10.1177/0146167217704196},
eprint = {https://doi.org/10.1177/0146167217704196}
}

@article{Osborne2015,
title = {A latent profile analysis of attributions for poverty: Identifying response patterns underlying people's willingness to help the poor},
journal = {Personality and Individual Differences},
volume = {85},
pages = {149-154},
year = {2015},
issn = {0191-8869},
doi = {https://doi.org/10.1016/j.paid.2015.05.007},
url = {https://www.sciencedirect.com/science/article/pii/S0191886915003281},
author = {Danny Osborne and Bernard Weiner},
keywords = {Poverty, Attributions, Conservatism, System justification, Helping, Latent profile analysis}
}

@article{Osborne2020,
author = {Osborne, Danny and Sibley, Chris G.},
doi = {10.1016/j.jrp.2020.103979},
issn = {10957251},
journal = {Journal of Research in Personality},
pages = {103979},
publisher = {Elsevier Inc.},
title = {Does Openness to Experience predict changes in conservatism? A nine-wave longitudinal investigation into the personality roots to ideology},
url = {https://doi.org/10.1016/j.jrp.2020.103979},
volume = {87},
year = {2020}
}

@article{Perry2012,
title = {Big-Five personality prospectively predicts Social Dominance Orientation and Right-Wing Authoritarianism},
journal = {Personality and Individual Differences},
volume = {52},
number = {1},
pages = {3-8},
year = {2012},
issn = {0191-8869},
doi = {https://doi.org/10.1016/j.paid.2011.08.009},
url = {http://www.sciencedirect.com/science/article/pii/S0191886911003825},
author = {Ryan Perry and Chris G. Sibley},
keywords = {Big-Five personality, Social Dominance Orientation, Right-Wing Authoritarianism}
}

@article{Petersen2019,
author = {Petersen, Michael Bang and Laustsen, Lasse},
title = {Upper-Body Strength and Political Egalitarianism: Twelve Conceptual Replications},
journal = {Political Psychology},
volume = {40},
number = {2},
pages = {375-394},
keywords = {biopolitics, egalitarianism, evolutionary psychology, physical strength, social dominance orientation},
doi = {https://doi.org/10.1111/pops.12505},
url = {https://onlinelibrary.wiley.com/doi/abs/10.1111/pops.12505},
eprint = {https://onlinelibrary.wiley.com/doi/pdf/10.1111/pops.12505},
year = {2019}
}

@misc{PewResearchCenter2014,
author = {{Pew Research Center}},
title = {Political Polarization in the American Public},
url = {https://www.people-press.org/2014/06/12/political-polarization-in-the-american-public/},
urldate = {2019-09-02},
year = {2014}
}

@misc{PewResearchCenter2020,
author = {{Pew Research Center}},
title = {Voters Rarely Switch Parties, but Recent Shifts Further Educational, Racial Divergence},
url = {https://www.pewresearch.org/politics/2020/08/04/voters-rarely-switch-parties-but-recent-shifts-further-educational-racial-divergence/},
urldate = {2021-02-05},
year = {2020}
}

@article{Peysakhovich2014,
author = {Peysakhovich, Alexander and Nowak, Martin A. and Rand, David G.},
doi = {10.1038/ncomms5939},
isbn = {2041-1723 (Electronic)$\backslash$r2041-1723 (Linking)},
issn = {20411723},
journal = {Nature Communications},
pages = {4939},
pmid = {25225950},
title = {Humans display a `cooperative phenotype' that is domain general and temporally stable},
volume = {5},
year = {2014}
}

@article{Piff2020,
title = {Shifting attributions for poverty motivates opposition to inequality and enhances egalitarianism},
author = {Piff, Paul K and Wiwad, Dylan and Robinson, Angela R and Aknin, Lara B and Mercier, Brett and Shariff, Azim},
doi = {10.1038/s41562-020-0835-8},
number = {5},
volume = {4},
month = {May},
year = {2020},
journal = {Nature human behaviour},
issn = {2397-3374},
pages = {496-505},
url = {https://doi.org/10.1038/s41562-020-0835-8}
}

@article{Pisor2020,
author = {Pisor, Anne C. and Gervais, Matthew M. and Purzycki, Benjamin G. and Ross, Cody T.},
title = {Preferences and constraints: the value of economic games for studying human behaviour},
journal = {Royal Society Open Science},
volume = {7},
number = {6},
pages = {192090},
year = {2020},
doi = {10.1098/rsos.192090},
URL = {https://royalsocietypublishing.org/doi/abs/10.1098/rsos.192090},
eprint = {https://royalsocietypublishing.org/doi/pdf/10.1098/rsos.192090}
}

@article{Pratto1994,
title={Social dominance orientation: A personality variable predicting social and political attitudes},
author={Pratto, Felicia and Sidanius, Jim and Stallworth, Lisa M and Malle, Bertram F},
journal={Journal of personality and social psychology},
volume={67},
number={4},
pages={741},
year={1994},
publisher={American Psychological Association}
}

@article{Reigstad2017,
author={Reigstad, Amanda G. and Str{\o}mland, Eirik A. and Tingh{\"o}g, Gustav},   
title={Extending the Cooperative Phenotype: Assessing the Stability of Cooperation across Countries}, 
journal={Frontiers in Psychology},      
volume={8},      
pages={1990},     
year={2017},      
url={https://www.frontiersin.org/article/10.3389/fpsyg.2017.01990},       
doi={10.3389/fpsyg.2017.01990},      
issn={1664-1078}
}

@article{Satherley2020,
author = {Satherley, Nicole and Sibley, Chris G. and Osborne, Danny},
title = {Ideology before party: Social dominance orientation and right-wing authoritarianism temporally precede political party support},
journal = {British Journal of Social Psychology},
year = {2020},
volume = {},
number = {},
pages = {},
keywords = {cross-lagged panel model, ideology, party support, political attitudes, RWA, SDO},
doi = {10.1111/bjso.12414},
url = {https://onlinelibrary.wiley.com/doi/abs/10.1111/bjso.12414},
eprint = {https://onlinelibrary.wiley.com/doi/pdf/10.1111/bjso.12414}
}

@article{Sibley2007,
author = {Sibley, Chris G. and Wilson, Marc S. and Duckitt, John},
title = {Effects of Dangerous and Competitive Worldviews on Right-Wing Authoritarianism and Social Dominance Orientation over a Five-Month Period},
journal = {Political Psychology},
volume = {28},
number = {3},
pages = {357-371},
keywords = {Social dominance orientation, Right-wing authoritarianism, longitudinal change, social worldviews},
doi = {10.1111/j.1467-9221.2007.00572.x},
url = {https://onlinelibrary.wiley.com/doi/abs/10.1111/j.1467-9221.2007.00572.x},
eprint = {https://onlinelibrary.wiley.com/doi/pdf/10.1111/j.1467-9221.2007.00572.x},
year = {2007}
}

@article{Sibley2010a,
author = {Sibley, Chris G. and Duckitt, John},
title = {The Ideological Legitimation of the Status Quo: Longitudinal Tests of a Social Dominance Model},
journal = {Political Psychology},
volume = {31},
number = {1},
pages = {109-137},
keywords = {Social Dominance Theory, System Justification Theory, Ideology, Prejudice, Social Policy, Longitudinal},
doi = {10.1111/j.1467-9221.2009.00747.x},
url = {https://onlinelibrary.wiley.com/doi/abs/10.1111/j.1467-9221.2009.00747.x},
eprint = {https://onlinelibrary.wiley.com/doi/pdf/10.1111/j.1467-9221.2009.00747.x},
year = {2010}
}

@article{Sibley2010b,
author = {Chris G. Sibley and John Duckitt},
title = {The Personality Bases of Ideology: A One-Year Longitudinal Study},
journal = {The Journal of Social Psychology},
volume = {150},
number = {5},
pages = {540-559},
year  = {2010},
publisher = {Routledge},
doi = {10.1080/00224540903365364},
note = {PMID: 21058579},
URL = {https://doi.org/10.1080/00224540903365364},
eprint = {https://doi.org/10.1080/00224540903365364}
}

@article{Sibley2011,
title={The {M}ini-{IPIP}6: Validation and extension of a short measure of the {B}ig-{S}ix factors of personality in {N}ew {Z}ealand},
author={Sibley, Chris G. and Luyten, Nils and Purnomo, Missy and Mobberley, Annelise and Wootton, Liz W and Hammond, Matthew D and Sengupta, Nikhil and Perry, Ryan and West-Newman, Tim and Wilson, Marc Stewart and others},
journal={New Zealand Journal of Psychology (Online)},
volume={40},
number={3},
pages={142},
year={2011},
publisher={New Zealand Psychological Society}
}

@article{Sibley2013,
author = {Chris G. Sibley and John Duckitt},
title = {The Dual Process Model of Ideology and Prejudice: A Longitudinal Test During a Global Recession},
journal = {The Journal of Social Psychology},
volume = {153},
number = {4},
pages = {448-466},
year  = {2013},
publisher = {Routledge},
doi = {10.1080/00224545.2012.757544},
note = {PMID: 23951951},
URL = {https://doi.org/10.1080/00224545.2012.757544},
eprint = {https://doi.org/10.1080/00224545.2012.757544}
}

@article{Sidanius1994,
title={Social dominance orientation and the political psychology of gender: A case of invariance?},
author={Sidanius, Jim and Pratto, Felicia and Bobo, Lawrence},
journal={Journal of Personality and Social Psychology},
volume={67},
number={6},
pages={998},
year={1994},
publisher={American Psychological Association}
}

@article{Sidanius1996,
title={Racism, conservatism, affirmative action, and intellectual sophistication: A matter of principled conservatism or group dominance?},
author={Sidanius, Jim and Pratto, Felicia and Bobo, Lawrence},
journal={Journal of personality and social psychology},
volume={70},
number={3},
pages={476},
year={1996},
publisher={American Psychological Association}
}

@article{Sidanius2000,
title={Social dominance orientation, anti-egalitarianism and the political psychology of gender: An extension and cross-cultural replication},
author={Sidanius, Jim and Levin, Shana and Liu, James and Pratto, Felicia},
journal={European journal of social psychology},
volume={30},
number={1},
pages={41--67},
year={2000},
publisher={Wiley Online Library}
}

@article{Thielmann2020,
author = {Thielmann, Isabel and Spadaro, Giuliana and Balliet, Daniel},
doi = {10.1037/bul0000217},
issn = {00332909},
journal = {Psychological Bulletin},
keywords = {Cooperation,Games,Individual differences,Interdependence,Personality,Prosocial behavior},
number = {1},
pages = {30--90},
title = {Personality and prosocial behavior: A theoretical framework and meta-analysis},
volume = {146},
year = {2020}
}

@article{Thielmann2022,
title = {The dispositional basis of human prosociality},
author = {Thielmann, Isabel and Hilbig, Benjamin E and Zettler, Ingo},
journal = {Current Opinion in Psychology},
volume = {43},
pages = {289--294},
year = {2022},
publisher = {Elsevier}
}

@article{Tomasello2012,
author = {Tomasello, Michael and Melis, Alicia P. and Tennie, Claudio and Wyman, Emily and Herrmann, Esther},
doi = {10.1086/668207},
isbn = {00113204$\backslash$r15375382},
issn = {0011-3204},
journal = {Current Anthropology},
number = {6},
pages = {673--692},
title = {Two key steps in the evolution of human cooperation: the interdependence hypothesis},
url = {http://www.journals.uchicago.edu/doi/10.1086/668207},
volume = {53},
year = {2012}
}

@article{vanDeSchoot2012,
author = {Rens {van de Schoot} and Peter Lugtig and Joop Hox},
title = {A checklist for testing measurement invariance},
journal = {European Journal of Developmental Psychology},
volume = {9},
number = {4},
pages = {486-492},
year  = {2012},
publisher = {Routledge},
doi = {10.1080/17405629.2012.686740},
URL = {https://doi.org/10.1080/17405629.2012.686740},
eprint = {https://doi.org/10.1080/17405629.2012.686740}
}

@article{VanLange2012,
author = {{Van Lange}, Paul A.M. and Bekkers, Ren{\'{e}} and Chirumbolo, Antonio and Leone, Luigi},
doi = {10.1002/per.845},
isbn = {1099-0984},
issn = {08902070},
journal = {European Journal of Personality},
keywords = {Attitudes,Personality types,Social interaction},
number = {5},
pages = {461--473},
pmid = {21604892},
title = {Are Conservatives Less Likely to be Prosocial Than Liberals? From Games to Ideology, Political Preferences and Voting},
volume = {26},
year = {2012}
}

@article{Verhulst2012,
author = {Verhulst, Brad and Eaves, Lindon J. and Hatemi, Peter K.},
doi = {10.1111/j.1540-5907.2011.00568.x},
issn = {15405907},
journal = {American Journal of Political Science},
number = {1},
pages = {34--51},
pmid = {22400142},
title = {Correlation not causation: The relationship between personality traits and political ideologies},
volume = {56},
year = {2012}
}

@article{vonHippel2009,
title = {How to impute interactions, squares, and other transformed variables},
author = {{Von Hippel}, Paul T},
journal = {Sociological Methodology},
volume = {39},
number = {1},
pages = {265--291},
year = {2009},
publisher = {Wiley Online Library},
doi = {10.1111/j.1467-9531.2009.01215.x}
}

@article{Yamagishi2013,
title = {Is behavioral pro-sociality game-specific? Pro-social preference and expectations of pro-sociality},
author = {Yamagishi, Toshio and Mifune, Nobuhiro and Li, Yang and Shinada, Mizuho and Hashimoto, Hirofumi and Horita, Yutaka and Miura, Arisa and Inukai, Keigo and Tanida, Shigehito and Kiyonari, Toko and others},
journal = {Organizational Behavior and Human Decision Processes},
volume = {120},
number = {2},
pages = {260--271},
year = {2013},
publisher = {Elsevier}
}

@book{Zaller1992,
address = {Cambridge, UK},
author = {Zaller, John R},
isbn = {0521407869},
publisher = {Cambridge University Press},
title = {The Nature and Origins of Mass Opinion},
year = {1992},
doi = {10.1017/CBO9780511818691}
}

@Manual{R-base,
title = {{R: A Language and Environment for Statistical Computing}},
author = {{R Core Team}},
organization = {R Foundation for Statistical Computing},
address = {Vienna, Austria},
year = {2019},
url = {https://www.R-project.org/},
}

@Article{R-targets,
title = {The targets {R} package: a dynamic {M}ake-like function-oriented pipeline toolkit for reproducibility and high-performance computing},
author = {William Michael Landau},
journal = {Journal of Open Source Software},
year = {2021},
volume = {6},
number = {57},
pages = {2959},
url = {https://doi.org/10.21105/joss.02959},
}

@Manual{R-papaja,
author = {Frederik Aust and Marius Barth},
title = {{papaja}: {Create} {APA} manuscripts with {R Markdown}},
year = {2020},
note = {R package version 0.1.0.9942},
url = {https://github.com/crsh/papaja},
}

@Book{R-ggplot2,
author = {Hadley Wickham},
title = {{ggplot2: Elegant Graphics for Data Analysis}},
publisher = {Springer-Verlag New York},
year = {2016},
isbn = {978-3-319-24277-4},
url = {https://ggplot2.tidyverse.org},
}

@Manual{R-cowplot,
title = {{cowplot: Streamlined Plot Theme and Plot Annotations for `ggplot2'}},
author = {Claus O. Wilke},
year = {2019},
note = {R package version 1.0.0},
url = {https://CRAN.R-project.org/package=cowplot},
}

@Article{R-lavaan,
title = {{lavaan}: An {R} Package for Structural Equation Modeling},
author = {Yves Rosseel},
journal = {Journal of Statistical Software},
year = {2012},
volume = {48},
number = {2},
pages = {1--36},
url = {http://www.jstatsoft.org/v48/i02/},
}

@Manual{R-ggraph,
title = {{ggraph}: An Implementation of Grammar of Graphics for Graphs and Networks},
author = {Thomas Lin Pedersen},
year = {2020},
note = {R package version 2.0.3},
url = {https://CRAN.R-project.org/package=ggraph},
}

@Article{R-mice,
title = {{mice}: Multivariate Imputation by Chained Equations in {R}},
author = {Stef {van Buuren} and Karin Groothuis-Oudshoorn},
journal = {Journal of Statistical Software},
year = {2011},
volume = {45},
number = {3},
pages = {1-67},
url = {https://www.jstatsoft.org/v45/i03/},
}